@thesis{1_Combine,
    author    = "Radim Červinka",
    title     = "Asistent pro generování testovacích scénářů",
    year      = "2018",
    school    = "Vysoké učení technické v Brně, Fakulta informačních technologií",
    type      = "Bakalářská práce",
    note      = "Vedoucí práce Ing. Aleš Smrčka, Ph.D."
}

@book{2_REST_API_Design_Rulebook,
    author    = "Mark Massé",
    title     = "REST API Design Rulebook",
    year      = "2012",
    publisher = "O'Reilly Media",
    address   = "Sebastopol",
    isbn      = "978-1449310509"
}


@book{3_IntroductionToSWTesting,
    author    = "Paul Ammann and Jeff Offutt",
    title     = "Introduction to Software Testing",
    year      = "2017",
    publisher = "Cambridge University Press",
    address   = "Cambridge",
    isbn      = "9781107172012"
}

% https://www.academia.edu/20034916/Introduction_to_Combinatorial_Testing
@book{4_IntroductionToCombinatorialTesting,
    author    = "Kuhn, D. Richard and Kacker, Raghu N. and Lei, Yu",
    title     = "Introduction to Combinatorial Testing",
    year      = "2013",
    publisher = "Chapman \& Hall/CRC",
    edition   = "1st",
    isbn      = "1466552298"
}

@techreport{5_Practical_Combinatorial_Testing,
    author      = "Kuhn, D. Richard and Kacker, Raghu N. and Lei, Yu",
    title       = "Practical Combinatorial Testing",
    institution = "National Institute of Standards and Technology",
    year        = "2010",
    type        = "NIST Special Publication",
    number      = "800-142",
    month       = "October",
    ulr         = "https://nvlpubs.nist.gov/nistpubs/Legacy/SP/nistspecialpublication800-142.pdf"
}


% http://barbie.uta.edu/~mehra/Book1_The%20Art%20of%20Software%20Testing.pdf
@book{6_TheArtOfSoftwareTesting,
    author    = "Myers, Glenford J. and Sandler, Corey and Badgett, Tom",
    title     = "The Art of Software Testing",
    year      = "2004",
    publisher = "Wiley Publishing",
    edition   = "2nd",
    isbn      = "9780471469124"
}

RFC 2616. Hypertext Transfer Protocol – HTTP/1.1. Internet Engineering Task
Force, 1999. Dostupné z: http://www.ietf.org/rfc/rfc2616.txt.
@techreport{rfc2616,
   TITLE = "{RFC 2616, Hypertext Transfer Protocol -- HTTP/1.1}",
   author = {Fielding, R. and Gettys, J. and Mogul, J. and Frystyk, H. and Masinter, L. and Leach, P. and Berners-Lee, T.},
   YEAR = {1999},
   MONTH = {June},
   URL={https://www.ietf.org/rfc/rfc2616.txt}
}

@TechReport{W3C_web_services_architecture,
  author      = "David Orchard and Christopher Ferris and Eric Newcomer and David Booth and Hugo Haas and Francis McCabe and Mike Champion",
  title       = "Web Services Architecture",
  year        = "2004",
  url   = "https://www.w3.org/TR/ws-arch/",
  institution = "W3C",
}

@TechReport{rfc3986,
  author      = {Tim Berners-Lee and Roy T. Fielding and Larry M Masinter},
  title       = "RFC3986 Uniform Resource Identifier (URI): Generic Syntax",
  year        = "2005",
  url   = "https://tools.ietf.org/html/rfc3986"
}

@misc{guru99,
  author = {guru99},
  title = {URL vs URI: Most important Differences You Must Know},
  year = "2021",
  url = {https://www.guru99.com/images/2/022220_0627_URLvsURIMos1.png},
}

@misc{w3schools,
  author = {w3schools},
  title = {XML Soap},
  year = "2021",
  url = {https://www.w3schools.com/xml/xml_soap.asp},
}

@misc{mozilla,
  author = {{Mozilla Corporation}},
  title = {Web technology for developers - HTTP Messages},
  year = "2021",
  url = {https://developer.mozilla.org/en-US/docs/Web/HTTP/Messages/httpmsgstructure2.png},
}

@thesis{Kosek_InteligentniPodporaNavigace,
    author    = "Jiří Kosek",
    title     = "Inteligentní podpora navigace na WWW s využitím XML",
    year      = "2002",
    school    = "Vysoká škola ekonomická v Praze, Fakulta informatiky a statistiky",
    type      = "Diplomová práce",
    note      = "Vedoucí práce Ing. Vojtěch Svátek, Dr."
}


@thesis{Halfar_webServer,
    author    = "Bc. Martin Halfar",
    title     = "Webový server pro zjišťování interakcí proteinů",
    year      = "2012",
    school    = "Vysoké učení technické v Brně, Fakulta informačních technologií",
    type      = "Diplomová práce",
    note      = "Vedoucí práce Ing. Radek Burget, Ph.D."
}


@thesis{roy,
    author    = "{Fielding, Roy Thomas}",
    title     = "Architectural Styles and the Design of Network-based Software Architectures",
    year      = "2000",
    school    = "University of California, Irvine",
    type      = "Doctoral dissertation",
    url       = "https://www.ics.uci.edu/~fielding/pubs/dissertation/top.htm"
}

@thesis{Schmidl,
    author    = "Tomáš Schmidl",
    title     = "Návrh a implementace RESTových rozhraní",
    year      = "2016",
    school    = "Fakulta informatiky Masarykovy univerzity",
    type      = "Bakalářská práce",
    note      = "Vedoucí práce doc. RNDr. Petr Sojka, Ph.D."
}

% https://www.readthistwice.com/lists/best-api-design-books

% https://ieeexplore.ieee.org/stamp/stamp.jsp?tp=&arnumber=605761


% The craft of software testing : subsystem testing including object-based and object-oriented testing
% https://archive.org/details/craftofsoftwaret00mari/page/36/mode/2up